@article {GL80,
    AUTHOR = {Gromov, Mikhael and Lawson, Jr., H. Blaine},
     TITLE = {Spin and scalar curvature in the presence of a fundamental
              group. {I}},
   JOURNAL = {Ann. of Math. (2)},
  FJOURNAL = {Annals of Mathematics. Second Series},
    VOLUME = {111},
      YEAR = {1980},
    NUMBER = {2},
     PAGES = {209--230},
      ISSN = {0003-486X},
   MRCLASS = {53C05 (57R99)},
  MRNUMBER = {569070},
MRREVIEWER = {N.\ J.\ Hitchin},
       DOI = {10.2307/1971198},
       URL = {https://doi.org/10.2307/1971198},
}


@article{mw09,
    AUTHOR = {Ramachandran, Mohan and Wolfson, Jon},
     TITLE = {Fill radius and the fundamental group},
   JOURNAL = {J. Topol. Anal.},
  FJOURNAL = {Journal of Topology and Analysis},
    VOLUME = {2},
      YEAR = {2010},
    NUMBER = {1},
     PAGES = {99--107},
      ISSN = {1793-5253,1793-7167},
   MRCLASS = {53C23 (53C21)},
  MRNUMBER = {2646991},
MRREVIEWER = {St\'{e}phane\ Sabourau},
       DOI = {10.1142/S1793525310000288},
       URL = {https://doi.org/10.1142/S1793525310000288},
}
@article{ssa22,
 AUTHOR = {Brendle, Simon and Hirsch, Sven and Johne, Florian},
     TITLE = {A generalization of Geroch's conjecture},
   JOURNAL = {Comm. Pure Appl. Math.},
  FJOURNAL = {Communications on Pure and Applied Mathematics},
    VOLUME = {77},
      YEAR = {2024},
    NUMBER = {1},
     PAGES = {441--456},
      ISSN = {0010-3640,1097-0312},
   MRCLASS = {53C21 (53C20)},
  MRNUMBER = {4666629},
       DOI = {10.1002/cpa.22137},
       URL = {https://doi.org/10.1002/cpa.22137},
}

@article{w12,
	author = {Wolfson,John},
	date-added = {2023-10-03 22:57:11 -0400},
	date-modified = {2023-10-03 23:00:43 -0400},
	journal = {LMS Lecture Notes Series 394},
	keywords = {W12},
	title = {Manifolds with k-positive Ricci curvature},
	year = {2012}}

@article{sd80,
	author = {R.Schoen,F.Colbrie},
	date-added = {2023-10-03 20:13:55 -0400},
	date-modified = {2023-10-03 20:14:56 -0400},
	journal = {Communications of Pure and Applied Mathematics},
	keywords = {SD80},
	pages = {199-211},
	title = {The Structure of Complete Stable Minimal Surfaces in 3 Manidolds of Non-Negative Scalar Curvature},
	year = {1980}}

@article{cll23,
AUTHOR = {Chodosh, Otis and Li, Chao and Liokumovich, Yevgeny},
     TITLE = {Classifying sufficiently connected {PSC} manifolds in 4 and 5
              dimensions},
   JOURNAL = {Geom. Topol.},
  FJOURNAL = {Geometry \& Topology},
    VOLUME = {27},
      YEAR = {2023},
    NUMBER = {4},
     PAGES = {1635--1655},
      ISSN = {1465-3060,1364-0380},
   MRCLASS = {53C21 (57N65)},
  MRNUMBER = {4602422},
       DOI = {10.2140/gt.2023.27.1635},
       URL = {https://doi.org/10.2140/gt.2023.27.1635},
}

@article{sr96,
AUTHOR = {Shen, Ying and Ye, Rugang},
     TITLE = {On stable minimal surfaces in manifolds of positive bi-{R}icci
              curvatures},
   JOURNAL = {Duke Math. J.},
  FJOURNAL = {Duke Mathematical Journal},
    VOLUME = {85},
      YEAR = {1996},
    NUMBER = {1},
     PAGES = {109--116},
      ISSN = {0012-7094,1547-7398},
   MRCLASS = {53C42 (53C21)},
  MRNUMBER = {1412440},
MRREVIEWER = {Shun\ Hui\ Zhu},
       DOI = {10.1215/S0012-7094-96-08505-1},
       URL = {https://doi.org/10.1215/S0012-7094-96-08505-1},
}
@article{gl83,
	author = {Mikhael Gromov and Herbert Blaine Lawson},
	date-added = {2023-10-03 23:06:41 -0400},
	date-modified = {2023-10-03 23:08:10 -0400},
	journal = {Inst. Hautes E ́tudes Sci. Publ. Math.},
	keywords = {GL83},
	pages = {83–196},
	title = {Positive scalar curvature and the Dirac operator on complete Riemannian manifolds
},
	year = {1983}}

@article{x23,
	author = {Kai,Xu},
	date-added = {2023-10-03 23:06:41 -0400},
	date-modified = {2023-10-03 23:08:10 -0400},
	journal = {arXiv:2301.02730 },
	keywords = {GL83},
	pages = {},
	title = {Dimension Constraints in Some Problems Involving Intermediate Curvature
},
	year = {2023}}

@article{ccpd24,
      title={Stable minimal hypersurfaces in $\mathbf{R}^5$}, 
      author={Otis Chodosh and Chao Li and Paul Minter and Douglas Stryker},
      year={2024},
      journal = {arXiv:2401.01492}},
      eprint={2401.01492},
      archivePrefix={arXiv},
      primaryClass={math.DG}
}

@article{ccd24,
      title={complete stable minimal hypersurfaces in positively curved 4-manifolds}, 
      author={Otis Chodosh and Chao Li and Douglas Stryker},
      year={2024},
      journal = { arXiv:2202.07708v2}},
      eprint={arXiv:2202.07708},
      archivePrefix={arXiv},
      primaryClass={math.DG}
}

@article{c91,
      title={Ends of Riemannian manifolds with nonnegative Ricci curvature outside a compact set}, 
      author={Mingliang Cai},
      year={1991},
journal = {Bulletin of the American Mathematical Society },
  VOLUME = {24},
  NUMBER = {2},
}
@article{J24,
      title={Calabi-Yau type theorem for complete manifolds with nonnegative scalar curvature.}, 
      author={Jingtian Zhu},
      year={2024},
      journal = {arXiv:2402.15118},
      eprint={2401.01492},
      archivePrefix={arXiv},
      primaryClass={math.DG}
}
@incollection {YD20,
    AUTHOR = {Liokumovich, Yevgeny and Maximo, Davi},
     TITLE = {Waist inequality for 3-manifolds with positive scalar
              curvature},
 BOOKTITLE = {Perspectives in scalar curvature. {V}ol. 2},
     PAGES = {799--831},
 PUBLISHER = {World Sci. Publ., Hackensack, NJ},
      YEAR = {[2023] \copyright 2023},
      ISBN = {978-981-124-999-0; 978-981-124-935-8; 978-981-124-936-5},
   MRCLASS = {53C21},
  MRNUMBER = {4577931},
}

@article{z24,
      title={Calabi-Yau type theorem for complete manifolds with nonnegative scalar curvature}, 
      author={Jintian Zhu},
      year={2024},
      journal = {  arXiv:2402.15118 },
      eprint={arXiv:2402.15118 },
      archivePrefix={arXiv},
      primaryClass={math.DG}
}
@article{gk24,
      title={New spectral Bishop-Gromov and Bonnet-Myers theorems and applications to isoperimetry}, 
      author={Gioacchino Antonelli, Kai Xu},
      year={2024},
      journal = {  arXiv:2405.08918  },
      eprint={arXiv:2405.08918 },
      archivePrefix={arXiv},
      primaryClass={math.DG}
}

@article{lw23,
      title={On the waist and width inequality in complete 3-manifolds with positive scalar curvature}, 
      author={Yevgeny Liokumovich, Zhichao Wang
},
      year={2023},
      journal = {arxiv:2308.04044  },
      eprint={arXiv:2308.04044 },
      archivePrefix={arXiv},
      primaryClass={math.DG}
}
